Automatically generated by Mendeley 0.9.6.3
Any changes to this file will be lost if it is regenerated by Mendeley.

@misc{Mendeley2009,
address = {London},
annote = {Double click on the entry on the left to view the PDF.},
author = {Mendeley},
booktitle = {Mendeley Desktop},
file = {:usr/share/doc/mendeleydesktop/FAQ.pdf:pdf},
keywords = {Mendeley},
publisher = {Mendeley Ltd.},
title = {{Getting Started with Mendeley}},
url = {http://www.mendeley.com},
year = {2009}
}

@article{Ariola1995,
abstract = {The mismatch between the operational semantics of the lambda calculus and the actual behavior of implementations is a major obstacle for compiler writers. They cannot explain the behavior of their evaluator in terms of source level syntax, and they cannot easily compare distinct implementations of different lazy strategies. In this paper we derive an equational characterization of call-by-need and prove it correct with respect to the original lambda calculus. The theory is a strictly smaller...},
author = {Ariola, Z M and Felleisen, M and Maraist, John and Felleisen, Matthias and Wadler, Philip},
doi = {10.1145/199448.199507},
isbn = {0897916921},
journal = {Journal of Functional Programming},
number = {03},
pages = {233--246},
publisher = {ACM Press},
title = {{A Call-by-Need Lambda Calculus}},
url = {http://citeseerx.ist.psu.edu/viewdoc/summary?doi=10.1.1.39.2287},
volume = {7},
year = {1995}
}

@article{Oliveira2004,
file = {:home/rodrigo/Documents/publications/2005/wmswm2005port.pdf:pdf},
title = {{Iteradores , Templates e Consultas na An\'{a}lise e Manipula\c{c}\~{a}o de Programas}},
year = {2004}
}
@article{Pinheiro06,
file = {:home/rodrigo/Documents/publications/2007/wmswm2007 scqlx.pdf:pdf},
title = {{Compreens\~{a}o de Programas Apoiada por uma Linguagem de Consulta em C\'{o}digo Fonte}},
year = {2006}
}
@article{Camarao09,
author = {Camar\~{a}o, Carlos and Ribeiro, Rodrigo and Figueiredo, Luc\'{\i}lia and Vasconcellos, Cristiano},
file = {:home/rodrigo/Documents/publications/2009/sblp2009.pdf:pdf},
journal = {Proceedings of the Brazilian Symposium on Programming Languages},
title = {{A Solution to Haskells Multi Parameter Type Class Dilemma}},
year = {2009}
}
@article{Jones00,
author = {Jones, Mark P.},
file = {:home/rodrigo/Documents/doutorado/pesquisa/articles/fundeps-esop2000.pdf:pdf},
journal = {Proceedings of the 9th European Symposium on Programming Languages and Systems},
number = {March},
title = {{Type Classes with Functional Dependencies}},
year = {2000}
}
@article{Wadler89,
author = {Wadler, Philip and Blott, Stephen},
file = {:home/rodrigo/Documents/doutorado/pesquisa/articles/p60-wadler.pdf:pdf},
journal = {Proceedings of the 16th ACM SIGPLAN-SIGACT symposium on Principles of programming languages},
pages = {60--76},
title = {{How to make ad-hoc polymorphism less ad hoc}},
year = {1989},
}
@article{Camarao04,
address = {New York, New York, USA},
author = {Camar\~{a}o, Carlos and Figueiredo, Luc\'{\i}lia and Vasconcellos, Cristiano},
doi = {10.1145/1013963.1013974},
file = {:home/rodrigo/Documents/doutorado/pesquisa/articles/cssat.pdf:pdf},
isbn = {1581138199},
journal = {Proceedings of the 6th ACM SIGPLAN international conference on Principles and practice of declarative programming - PPDP '04},
pages = {67--77},
publisher = {ACM Press},
title = {{Constraint-set satisfiability for overloading}},
url = {http://portal.acm.org/citation.cfm?doid=1013963.1013974},
year = {2004}
}
@article{Milner79,
author = {Milner, Robin},
file = {:home/rodrigo/Documents/doutorado/pesquisa/articles/milner79.pdf:pdf},
journal = {Journal of Computer and System Sciences},
number = {17},
pages = {348--375},
title = {{A Theory of Type Polymorphism in Programming}},
year = {1978}
}
@article{Damas82,
author = {Damas, Luis and Milner, Robin},
file = {:home/rodrigo/Documents/doutorado/pesquisa/articles/damas82.pdf:pdf},
pages = {207--212},
title = {{Principal Type-Schemes for Functional Programs}},
year = {1982}
}
@article{Hindley69,
author = {Hindley, R.},
file = {:home/rodrigo/Documents/doutorado/pesquisa/articles/hindley69.pdf:pdf},
journal = {Transactions of American Mathematical Society},
pages = {29--60},
title = {{The Principal Type-Scheme of an Object in Combinatory Logic}},
volume = {146},
year = {1969}
}
@article{Strachey00,
author = {Strachey, Christopher},
file = {:home/rodrigo/Documents/doutorado/pesquisa/articles/strachey00.pdf:pdf},
journal = {High-Order and Symbolic Computation},
keywords = {ad hoc polymorphism,binding,cpl,foundations of computing,functions as data,l-values,mechanisms,meter passing,para-,parametric polymorphism,programming languages,r-values,semantics,type completeness,variable binding},
number = {1-2},
pages = {11--49},
title = {{Fundamental Concepts in Programming Languages}},
volume = {13},
year = {2000}
}

@article{Chakravarty05,
author = {Chakravarty, Manuel M. T. and Keller, Gabriele and Jones, Simon Peyton and Marlow, Simon},
doi = {10.1145/1047659.1040306},
file = {:home/rodrigo/Documents/doutorado/pesquisa/inferencia/artigos/assoc.pdf:pdf},
issn = {03621340},
journal = {ACM SIGPLAN Notices},
keywords = {associated,self-optimising libraries,type classes,type-directed translation,type-indexed types,types},
month = {January},
number = {1},
pages = {1--13},
title = {{Associated types with class}},
url = {http://portal.acm.org/citation.cfm?doid=1047659.1040306},
volume = {40},
year = {2005}
}
@misc{Sulzmann06a,
author = {Sulzmann, M and Duck, G.J. and Peyton-Jones, S. and Stuckey, P.J.},
booktitle = {Journal of Functional Programming},
file = {:home/rodrigo/Documents/doutorado/pesquisa/inferencia/artigos/jfp-fds-revised.pdf:pdf},
number = {01},
pages = {83â€“129},
publisher = {Cambridge University Press},
title = {{Understanding functional dependencies via constraint handling rules}},
url = {http://journals.cambridge.org/abstract\_S0956796806006137},
volume = {17},
year = {2006}
}
@article{Sulzmann06,
author = {Sulzmann, Martin and Jones, Simon Peyton},
file = {:home/rodrigo/Documents/doutorado/pesquisa/inferencia/artigos/fc-tr.pdf:pdf},
journal = {System},
number = {November},
title = {{System F with Type Equality Coercions}},
year = {2006}
}

@article{Schrijvers,
author = {Schrijvers, Tom and Sulzmann, Martin and Peyton-jones, Simon},
file = {:home/rodrigo/Documents/doutorado/pesquisa/inferencia/artigos/type\_functions.pdf:pdf},
journal = {Area},
number = {Section 4},
title = {{Towards Open Type Functions for Haskell}}
}
@article{Jones09,
author = {Jones, Mark P. and Diatchki, Iavor S.},
doi = {10.1145/1543134.1411298},
file = {:home/rodrigo/Documents/doutorado/pesquisa/inferencia/artigos/fundeps-design.pdf:pdf},
issn = {03621340},
journal = {ACM SIGPLAN Notices},
keywords = {ence,functional dependencies,haskell,qualified types,relational databases,type functions,type infer-},
month = {January},
number = {2},
pages = {87},
title = {{Language and program design for functional dependencies}},
url = {http://portal.acm.org/citation.cfm?doid=1543134.1411298},
volume = {44},
year = {2009}
}
@book{Mitchell96,
 author = {Mitchell, John C.},
 title = {Foundations of programming languages},
 year = {1996},
 isbn = {0-262-13321-0},
 publisher = {MIT Press},
 address = {Cambridge, MA, USA}
 }
 
 @book{Stroustrup00,
 author = {Stroustrup, Bjarne},
 title = {The  C++ Programming Language},
 year = {2000},
 isbn = {0201700735},
 publisher = {Addison-Wesley Longman Publishing Co., Inc.},
 address = {Boston, MA, USA},
 }
 
 @book{Gosling05,
  address = {Amsterdam},
  author = {James Gosling and Bill Joy and Guy Steele and Gilad Bracha},
  day = 28,
  edition = 3,
  interhash = {8a2d505d75cf9f9897348937116fc4e7},
  intrahash = {7ecc3fb9b3f3b3c322b372c99b0dfa2b},
  pages = 688,
  publisher = {Addison-Wesley Longman},
  title = {The Java Language Specification, Third Edition},
  year = 2005,
  ean = {9780321246783},
  keywords = {Java Language PhD Proposal Specification VM},
  asin = {0321246780},
  isbn = {0321246780},
  biburl = {http://www.bibsonomy.org/bibtex/27ecc3fb9b3f3b3c322b372c99b0dfa2b/gron},
  dewey = {005.133},
  month = {June}
}

@book{Milner97,
 author = {Milner, Robin and Tofte, Mads and Macqueen, David},
 title = {The  Definition of Standard ML},
 year = {1997},
 isbn = {0262631814},
 publisher = {MIT Press},
 address = {Cambridge, MA, USA},
 }

@book{Haskell98,
  editor = {Simon Peyton Jones},
  howpublished = {PDF},
  interhash = {bdf24915989dc1673ad9244c4d593b37},
  intrahash = {74578ea79af534c544b545401a50d6e5},
  pages = 277,
  publisher = {http://haskell.org/},
  title = {Haskell 98 Language and Libraries: The Revised Report},
  type = {Language Definition},
  url = {http://haskell.org/definition/haskell98-report.pdf},
  year = 2002,
  keywords = {functional-programming haskell},
  description = {This report defines the syntax for Haskell programs and an informal abstract semantics for the meaning of such programs.},
  biburl = {http://www.bibsonomy.org/bibtex/274578ea79af534c544b545401a50d6e5/thau},
  month = {September},
}

@book{Okasaki98, 
 author = {Okasaki, Chris},
 title = {Purely functional data structures},
 year = {1998},
 isbn = {0-521-63124-6},
 publisher = {Cambridge University Press},
 address = {New York, NY, USA}, 
 }
 
 @inproceedings{Camarao99,
    author = {Carlos Camarao and Lucilia Figueiredo},
    title = {Type Inference for Overloading without Restrictions, Declarations or Annotations},
    booktitle = {Fuji International Symposium on Functional and Logic Programming},
    pages = {37-52},
    year = {1999},
    url = {citeseer.ist.psu.edu/camarao99type.html},
 }
 
 @inproceedings{Camarao99a,
    author = {Carlos Camarao and Lucilia Figueiredo},
    booktitle = {FLOPS'99 - International Workshop on Logic and Functional Programming},
    title = {Type Inference for Overloading},
    year = {1999},
    url = {citeseer.ist.psu.edu/article/camarao99type.html}, 
}

@book{Watt90,
 author = {David A. Watt},
 title = {Programming language concepts and paradigms},
 year = {1990},
 isbn = {0-13-728874-3},
 publisher = {Prentice-Hall, Inc.},
 address = {Upper Saddle River, NJ, USA},
 }\dfrac{â€¢}{â€¢}
 
@article{Jones93,
author = {Jones, M.P.},
doi = {10.1017/S0956796800001210},
file = {:home/rodrigo/Documents/doutorado/pesquisa/articles/fpca93.pdf:pdf},
issn = {0956-7968},
journal = {Journal of functional programming},
month = {November},
number = {01},
publisher = {Cambridge Univ Press},
title = {{A system of constructor classes: overloading and implicit higher-order polymorphism}},
url = {http://journals.cambridge.org/abstract/S0956796800001210},
volume = {5},
year = {2008}
}

@article{Schrijvers2008,
author = {Schrijvers, Tom and Jones, P. and Others},
doi = {10.1145/1411203.1411215},
file = {:home/rodrigo/Documents/doutorado/pesquisa/articles/tc-tfs.pdf:pdf},
issn = {03621340},
journal = {ACM SIGPLAN Notices},
keywords = {and gadts,as much as possi-,ble of this research,earlier,haskell,in a backwards-compatible,johann and ghani,more foundational work by,our goal in this,paper is to unify,practical extension,to haskell,type checking,type families,type functions},
month = {September},
number = {9},
publisher = {ACM},
title = {{Type checking with open type functions}},
url = {http://portal.acm.org/citation.cfm?id=1411215},
volume = {43},
year = {2008}
}

@inproceedings{Haskell07,
 author = {Hudak, Paul and Hughes, John and Jones, Simon Peyton and Wadler, Philip},
 title = {A history of Haskell: being lazy with class},
 booktitle = {HOPL III: Proceedings of the third ACM SIGPLAN conference on History of programming languages},
 year = {2007},
 isbn = {978-1-59593-766-X},
 pages = {12-1--12-55},
 location = {San Diego, California},
 doi = {http://doi.acm.org/10.1145/1238844.1238856},
 publisher = {ACM},
 address = {New York, NY, USA},
 }
@inproceedings{Wadler92,
 author = {Wadler, Philip},
 title = {The essence of functional programming},
 booktitle = {POPL '92: Proceedings of the 19th ACM SIGPLAN-SIGACT symposium on Principles of programming languages},
 year = {1992},
 isbn = {0-89791-453-8},
 pages = {1--14},
 location = {Albuquerque, New Mexico, United States},
 doi = {http://doi.acm.org/10.1145/143165.143169},
 publisher = {ACM},
 address = {New York, NY, USA},
 }
 
 @misc{Jones97Type,
  author = "S. Jones and M. Jones and E. Meijer",
  title = "Type classes: an exploration of the design space",
  text = "Simon Peyton Jones, Mark Jones, and Erik Meijer. Type classes: an exploration
    of the design space. In Haskell Workshop, June 1997.",
  year = "1997",
  url = "citeseer.ist.psu.edu/peytonjones97type.html"
 } 
 
 @article{Duggan02a,
 author = {Dominic Duggan and John Ophel},
 title = {Type-checking multi-parameter type classes},
 journal = {J. Funct. Program.},
 volume = {12},
 number = {2},
 year = {2002},
 issn = {0956--7968},
 pages = {133--158},
 doi = {http://dx.doi.org/10.1017/S0956796801004233},
 publisher = {Cambridge University Press},
 address = {New York, NY, USA},
 }
@inproceedings{Chakravarty05a,
 author = {Chakravarty, Manuel M. T. and Keller, Gabriele and Jones, Simon Peyton},
 title = {Associated type synonyms},
 booktitle = {ICFP '05: Proceedings of the tenth ACM SIGPLAN international conference on Functional programming},
 year = {2005},
 isbn = {1-59593-064-7},
 pages = {241--253},
 location = {Tallinn, Estonia},
 doi = {http://doi.acm.org/10.1145/1086365.1086397},
 publisher = {ACM},
 address = {New York, NY, USA},
 }
@inproceedings{Jones92,
 author = {Jones, Mark P.},
 title = {A theory of qualified types},
 booktitle = {ESOP'92: Symposium proceedings on 4th European symposium on programming},
 year = {1992},
 isbn = {0-387-55253-7},
 pages = {287--306},
 location = {Rennes, France},
 publisher = {Springer-Verlag},
 address = {London, UK},
 }
@inproceedings{Jones95,
 author = {Jones, Mark P.},
 title = {Simplifying and improving qualified types},
 booktitle = {FPCA '95: Proceedings of the seventh international conference on Functional programming languages and computer architecture},
 year = {1995},
 isbn = {0-89791-719-7},
 pages = {160--169},
 location = {La Jolla, California, United States},
 doi = {http://doi.acm.org/10.1145/224164.224198},
 publisher = {ACM},
 address = {New York, NY, USA},
 }
@inproceedings{Sulzmann07,
 author = {Sulzmann, Martin and Chakravarty, Manuel M. T. and Jones, Simon Peyton and Donnelly, Kevin},
 title = {System F with type equality coercions},
 booktitle = {TLDI '07: Proceedings of the 2007 ACM SIGPLAN international workshop on Types in languages design and implementation},
 year = {2007},
 isbn = {1-59593-393-X},
 pages = {53--66},
 location = {Nice, Nice, France},
 doi = {http://doi.acm.org/10.1145/1190315.1190324},
 publisher = {ACM},
 address = {New York, NY, USA},
 }
@INPROCEEDINGS{Chen05,
    author = {Chiyan Chen and Hongwei Xi},
    title = {Combining programming with theorem proving},
    booktitle = {In ICFP '05: Proceedings of the tenth ACM SIGPLAN international conference on Functional programming},
    year = {2005},
    pages = {66--77},
    publisher = {ACM Press},
}

@inproceedings{Augustsson98,
 author = {Augustsson, Lennart},
 title = {Cayenne---a language with dependent types},
 booktitle = {ICFP '98: Proceedings of the third ACM SIGPLAN international conference on Functional programming},
 year = {1998},
 isbn = {1-58113-024-4},
 pages = {239--250},
 location = {Baltimore, Maryland, United States},
 doi = {http://doi.acm.org/10.1145/289423.289451},
 publisher = {ACM},
 address = {New York, NY, USA},
 }
@INPROCEEDINGS{Sulzmann06b,
    author = {Martin Sulzmann and Jeremy Wazny and Peter J. Stuckey},
    title = {A framework for extended algebraic data types},
    booktitle = {In Proc. of FLOPS'06, volume 3945 of LNCS},
    year = {2006},
    pages = {47--64},
    publisher = {Springer-Verlag},
}
@INPROCEEDINGS{Volpano94,
    author = {Dennis M. Volpano},
    title = {Haskell-style Overloading is NP-hard},
    booktitle = {In Proceedings of the 1994 International Conference on Computer Languages},
    year = {1994},
    pages = {88--94}
}

@INPROCEEDINGS{Sulzmann06c,
    author = {Martin Sulzmann and Tom Schrijvers and Peter J. Stuckey},
    title = {Principal type inference for GHCstyle multi-parameter type classes},
    booktitle = {In Proc. of APLAS'06},
    year = {2006}
}
@inproceedings{Faxen03,
 author = {Fax\'{e}n, Karl-Filip},
 title = {Haskell and principal types},
 booktitle = {Haskell '03: Proceedings of the 2003 ACM SIGPLAN workshop on Haskell},
 year = {2003},
 isbn = {1-58113-758-3},
 pages = {88--97},
 location = {Uppsala, Sweden},
 doi = {http://doi.acm.org/10.1145/871895.871905},
 publisher = {ACM},
 address = {New York, NY, USA},
 }
@INPROCEEDINGS{Fruhwirth95,
    author = {Thom Fr\"{u}hwirth},
    title = {Constraint Handling Rules},
    booktitle = {Constraint Programming: Basics and Trends, LNCS 910},
    year = {1995},
    pages = {90--107},
    publisher = {Springer-Verlag}
}
@book{Davey90,
  author = {B. A. Davey and H. A. Priestly},
  interhash = {d209cd346f59e1011866f576ac7a8e43},
  intrahash = {bb3cd4bbaca79de1e690d2735498d0cf},
  publisher = {Cambridge University Press},
  title = {Introduction to Lattices and Order},
  year = 1990,
  keywords = {imported},
  added-at = {2009-05-20T01:29:36.000+0200},
  description = {First cut database},
  biburl = {http://www.bibsonomy.org/bibtex/2bb3cd4bbaca79de1e690d2735498d0cf/sriram0339}
}
@INPROCEEDINGS{Wells02,
    author = {J. B. Wells},
    title = {The Essence of Principal Typings},
    booktitle = {In Proc. 29th Int'l Coll. Automata, Languages, and Programming, volume 2380 of LNCS},
    year = {2002},
    pages = {913--925},
    publisher = {Springer-Verlag}
}

@inproceedings{Trevor96,
 author = {Jim, Trevor},
 title = {What are principal typings and what are they good for?},
 booktitle = {POPL '96: Proceedings of the 23rd ACM SIGPLAN-SIGACT symposium on Principles of programming languages},
 year = {1996},
 isbn = {0-89791-769-3},
 pages = {42--53},
 location = {St. Petersburg Beach, Florida, United States},
 doi = {http://doi.acm.org/10.1145/237721.237728},
 publisher = {ACM},
 address = {New York, NY, USA},
 }

@inproceedings{Volpano91,
 author = {Volpano, Dennis M. and Smith, Geoffrey},
 title = {On the Complexity of ML Typability with Overloading},
 booktitle = {Proceedings of the 5th ACM Conference on Functional Programming Languages and Computer Architecture},
 year = {1991},
 isbn = {3-540-54396-1},
 pages = {15--28},
 publisher = {Springer-Verlag},
 address = {London, UK},
 }
@String{j-jucs = "Journal of Universal Computer Science"}

@Article{Camarao07,
  author =     "C. Camarao and C. Vasconcellos and L. Figueiredo and J. Nicola",
  title =      "Open and Closed Worlds for Overloading: a Definition and Support for Coexistence",
  journal =    j-jucs,
  year =       "2007",
  volume =     "13",
  number =     "6",
  pages =      "874--890",
  month =      "08",
}

@inproceedings{Jones06,
 author = {Peyton Jones, Simon and Vytiniotis, Dimitrios and Weirich, Stephanie and Washburn, Geoffrey},
 title = {Simple unification-based type inference for GADTs},
 booktitle = {ICFP '06: Proceedings of the eleventh ACM SIGPLAN international conference on Functional programming},
 year = {2006},
 isbn = {1-59593-309-3},
 pages = {50--61},
 location = {Portland, Oregon, USA},
 doi = {http://doi.acm.org/10.1145/1159803.1159811},
 publisher = {ACM},
 address = {New York, NY, USA},
 }
 
@misc{GHC,
  author  = {{S.~P.~Jones and others}},
  title   = {{GHC --- The Glasgow Haskell Compiler website}},
  howpublished = {http://www.haskell.org/ghc/},
  year    = {1998}
} 
@misc{MailFunDeps,
  author  = {{Wolfgang Jeltsch}},
  title   = {{Mensagem Enviada para a lista GHC users.}},
  howpublished = {http://www.haskell.org/pipermail/glasgow-haskell-users/2008-September/015562.html},
  year    = {1998}
} 

@inproceedings{Jones08,
 author = {Jones, Mark P. and Diatchki, Iavor S.},
 title = {Language and program design for functional dependencies},
 booktitle = {Haskell '08: Proceedings of the first ACM SIGPLAN symposium on Haskell},
 year = {2008},
 isbn = {978-1-60558-064-7},
 pages = {87--98},
 location = {Victoria, BC, Canada},
 doi = {http://doi.acm.org/10.1145/1411286.1411298},
 publisher = {ACM},
 address = {New York, NY, USA},
 }
@book{Nipkow98,
 author = {Baader, Franz and Nipkow, Tobias},
 title = {Term rewriting and all that},
 year = {1998},
 isbn = {0-521-45520-0},
 publisher = {Cambridge University Press},
 address = {New York, NY, USA},
 }
 @inproceedings{Chen92,
 author = {Chen, Kung and Hudak, Paul and Odersky, Martin},
 title = {Parametric type classes},
 booktitle = {LFP '92: Proceedings of the 1992 ACM conference on LISP and functional programming},
 year = {1992},
 isbn = {0-89791-481-3},
 pages = {170--181},
 location = {San Francisco, California, United States},
 doi = {http://doi.acm.org/10.1145/141471.141536},
 publisher = {ACM},
 address = {New York, NY, USA},
 }

